@inproceedings{focalloss,
    title={Focal loss for dense object detection},
    author={Lin, Tsung-Yi and Goyal, Priya and Girshick, Ross and He, Kaiming and Doll{\'a}r, Piotr},
    booktitle={Proceedings of the IEEE international conference on computer vision},
    pages={2980--2988},
    year={2017}
}

@article{adam,
    title={Adam: A method for stochastic optimization},
    author={Kingma, Diederik P and Ba, Jimmy},
    journal={arXiv preprint arXiv:1412.6980},
    year={2014}
}

@inproceedings{ronneberger2015u,
    title={U-net: Convolutional networks for biomedical image segmentation},
    author={Ronneberger, Olaf and Fischer, Philipp and Brox, Thomas},
    booktitle={International Conference on Medical image computing and computer-assisted intervention},
    pages={234--241},
    year={2015},
    organization={Springer}
}

@article{rumelhart,
    title={Learning representations by back-propagating errors},
    author={Rumelhart, David E and Hinton, Geoffrey E and Williams, Ronald J and others},
    journal={Cognitive modeling},
    volume={5},
    number={3},
    pages={1},
    year={1988}
}

@inproceedings{alexnet,
    title={Imagenet classification with deep convolutional neural networks},
    author={Krizhevsky, Alex and Sutskever, Ilya and Hinton, Geoffrey E},
    booktitle={Advances in neural information processing systems},
    pages={1097--1105},
    year={2012}
}

@article{gradient,
    title={M{\'e}thode g{\'e}n{\'e}rale pour la r{\'e}solution des systemes dâ€™{\'e}quations simultan{\'e}es},
    author={Cauchy, Augustin},
    journal={Comp. Rend. Sci. Paris},
    volume={25},
    number={1847},
    pages={536--538},
    year={1847}
}
